<collection xmlns="http://www.loc.gov/MARC21/slim">
<record>
  <leader>01064nam0a22002531i 450 </leader>
  <controlfield tag="001">IT\ICCU\CNCE\061230</controlfield>
  <controlfield tag="005">20151001000000.0</controlfield>
  <datafield tag="012" ind1=" " ind2=" ">
    <subfield code="a">i:t. ump- n-um e-a- (C) 1594 (Q)</subfield>
    <subfield code="2">fei</subfield>
  </datafield>
  <datafield tag="100" ind1=" " ind2=" ">
    <subfield code="a">20050913f1594        0itac0103    ba</subfield>
  </datafield>
  <datafield tag="101" ind1=" " ind2=" ">
    <subfield code="a">LAT</subfield>
  </datafield>
  <datafield tag="102" ind1=" " ind2=" ">
    <subfield code="a">IT</subfield>
  </datafield>
  <datafield tag="200" ind1="1" ind2=" ">
    <subfield code="a">Breue s.d.n. Pii papae quinti ad fauorem canonicorum regularium Saluatoris Lateranensis</subfield>
  </datafield>
  <datafield tag="210" ind1=" " ind2=" ">
    <subfield code="a">Mediolani</subfield>
    <subfield code="c">apud Pandulphum Malatestam</subfield>
    <subfield code="d">\non prima del 1594!</subfield>
  </datafield>
  <datafield tag="215" ind1=" " ind2=" ">
    <subfield code="a">\4! c.</subfield>
    <subfield code="c">ill.</subfield>
    <subfield code="d">4ʻ</subfield>
  </datafield>
  <datafield tag="300" ind1=" " ind2=" ">
    <subfield code="a">La data si ricava dall&apos;attivit ̉del tipografo</subfield>
  </datafield>
  <datafield tag="620" ind1=" " ind2=" ">
    <subfield code="a">IT</subfield>
    <subfield code="d">Milano</subfield>
  </datafield>
  <datafield tag="700" ind1=" " ind2="0">
    <subfield code="a">Pius</subfield>
    <subfield code="c"> &lt;papa</subfield>
    <subfield code="c"> ; 5.&gt;</subfield>
    <subfield code="3">IT\ICCU\CNCA\000062</subfield>
  </datafield>
  <datafield tag="712" ind1="0" ind2="0">
    <subfield code="a">Malatesta, Pandolfo</subfield>
    <subfield code="3">IT\ICCU\CNCT\000146</subfield>
    <subfield code="4">650</subfield>
  </datafield>
  <datafield tag="790" ind1=" " ind2="1">
    <subfield code="a">Ghislieri,</subfield>
    <subfield code="b">Antonio</subfield>
    <subfield code="3">IT\ICCU\CNCA\014134</subfield>
    <subfield code="z">Pius &lt;papa ; 5.&gt;</subfield>
  </datafield>
  <datafield tag="790" ind1=" " ind2="1">
    <subfield code="a">Ghislieri,</subfield>
    <subfield code="b">Michele</subfield>
    <subfield code="3">IT\ICCU\CNCA\018608</subfield>
    <subfield code="z">Pius &lt;papa ; 5.&gt;</subfield>
  </datafield>
  <datafield tag="790" ind1=" " ind2="1">
    <subfield code="a">Ghisleri,</subfield>
    <subfield code="b">Antonio</subfield>
    <subfield code="3">IT\ICCU\CNCA\018609</subfield>
    <subfield code="z">Pius &lt;papa ; 5.&gt;</subfield>
  </datafield>
  <datafield tag="801" ind1=" " ind2="3">
    <subfield code="a">IT</subfield>
    <subfield code="b">ICCU</subfield>
    <subfield code="c">20201115</subfield>
  </datafield>
  <datafield tag="899" ind1=" " ind2=" ">
    <subfield code="a">Biblioteca della collegiata S. Pietro Apostolo. Broni</subfield>
    <subfield code="1">PV0012</subfield>
    <subfield code="2">ZPV 05</subfield>
  </datafield>
  <datafield tag="899" ind1=" " ind2=" ">
    <subfield code="a">Biblioteca universitaria. Pavia</subfield>
    <subfield code="1">PV0291</subfield>
    <subfield code="2">MIL UP</subfield>
  </datafield>
</record>
</collection>
